@article{lacoste2019quantifying,
  title={Quantifying the Carbon Emissions of Machine Learning},
  author={Lacoste, Alexandre and Luccioni, Alexandra Sasha and Schmidt, Victor and Dandres, Thomas},
  journal={arXiv preprint arXiv:1910.09700},
  year={2019}
}

@inproceedings{henderson2020systematic,
  title={Towards the Systematic Reporting of the Energy and Carbon Footprints of Machine Learning},
  author={Henderson, Peter and Hu, Jieru and Romoff, Joshua and Brunskill, Emma and Jurafsky, Dan and Pineau, Joelle},
  booktitle={International Conference on Machine Learning (ICML) Workshop on Challenges in Deploying and Monitoring Machine Learning Systems},
  year={2020}
}
